@book{np,
    author = {Garey, Michael R. and Johnson, David S.},
    title = {Computers and Intractability; A Guide to the Theory of NP-Completeness},
    year = {1990},
    isbn = {0716710455},
    publisher = {W. H. Freeman \& Co.},
    address = {New York, NY, USA},
}
